@book{booth1,
   author = "Wayne Booth",
   title = "The Craft of Research",
   publisher = "University of Chicago Press",
   year = "2003"
   }

@book{Atkin,
   author = "Cliff Atkinson",
   title = "Beyond Bullet Points: Using Microsoft
        Office PowerPoint 2007 to Create Presentations That Inform ",
   publisher = "Microsoft Press",
   year = "2008"
   }
@inproceedings{4119328,
  title={On the synchronization of physical-layer network coding},
  author={Zhang, Shengli and Liew, Soung-Chang and Lam, Patrick P},
  booktitle={Proc. IEEE Inf. Theory Workshop},
  pages={404--408},
  year={2006},
}

@article{lu2013implementation,
  title={Implementation of physical-layer network coding},
  author={Lu, Lu and Wang, Taotao and Liew, Soung Chang and Zhang, Shengli},
  journal={Physical Commun.},
  volume={6},
  pages={74--87},
  year={2013},
}

@article{huang2013synchronous,
  title={Synchronous physical-layer network coding: A feasibility study},
  author={Huang, Yang and Wang, Shiqiang and Song, Qingyang and Guo, Lei and Jamalipour, Abbas},
  journal={IEEE Trans. Wireless Commun.},
  volume={12},
  number={8},
  pages={4048--4057},
  year={2013},
}

@inproceedings{zhang2006hot,
  title={Hot topic: physical-layer network coding},
  author={Zhang, Shengli and Liew, Soung Chang and Lam, Patrick P},
  booktitle={Proc. ACM MOBICOM},
  pages={358--365},
  year=2006,
}

@INPROCEEDINGS{4025090, 
author={P. Popovski and H. Yomo}, 
booktitle={Proc. IEEE ICC}, 
title={The Anti-Packets Can Increase the Achievable Throughput of a Wireless Multi-Hop Network}, 
pages={3885-3890},
year=2006,
}

@article{liew2013physical,
  title={Physical-layer network coding: Tutorial, survey, and beyond},
  author={Liew, Soung Chang and Zhang, Shengli and Lu, Lu},
  journal={Physical Commun.},
  volume={6},
  pages={4--42},
  year={2013},
}

@article{ahlswede2000network,
  title={Network information flow},
  author={Ahlswede, Rudolf and Cai, Ning and Li, S-YR and Yeung, Raymond W},
  journal={IEEE Trans. on Info. Theory},
  volume={46},
  number={4},
  pages={1204--1216},
  year={2000},
}

@article{li2003linear,
  title={Linear network coding},
  author={Li, S-YR and Yeung, Raymond W and Cai, Ning},
  journal={IEEE Trans. on Info. Theory},
  volume={49},
  number={2},
  pages={371--381},
  year={2003},
}

@ARTICLE{5072363, 
author={S. Zhang and S. C. Liew}, 
journal={IEEE JSAC}, 
title={Channel coding and decoding in a relay system operated with physical-layer network coding}, 
year={2009}, 
volume={27}, 
number={5}, 
pages={788-796}, 
month={Jun.},}

@ARTICLE{5699899, 
author={B. Nazer and M. Gastpar}, 
journal={Proc. {IEEE}}, 
title={Reliable Physical Layer Network Coding}, 
year={2011}, 
volume={99}, 
number={3}, 
pages={438-460}, 
month={Mar.},}

@ARTICLE{6108306, 
author={L. Lu and S. C. Liew}, 
journal={IEEE Trans. Wireless Commun.}, 
title={Asynchronous Physical-Layer Network Coding}, 
year={2012}, 
volume={11}, 
number={2}, 
pages={819-831},
month={Feb.},}

@ARTICLE{5072362, 
author={T. Koike-Akino and P. Popovski and V. Tarokh}, 
journal={IEEE JSAC},
title={Optimized constellations for two-way wireless relaying with physical network coding}, 
year={2009}, 
volume={27}, 
number={5}, 
pages={773-787}, 
month={Jun.},}

@book{goldsmith2005wireless,
  title={Wireless communications},
  author={Goldsmith, Andrea},
  year={2005},
  publisher={Cambridge university press}
}

@article{katti2007embracing,
  title={Embracing wireless interference: Analog network coding},
  author={Katti, Sachin and Gollakota, Shyamnath and Katabi, Dina},
  journal={Proc. ACM SIGCOMM},
  volume={37},
  number={4},
  pages={397--408},
  year={2007},
}


@article{ning2013novel,
  title={A novel scheduling algorithm for physical-layer network coding under Markov model in wireless multi-hop network},
  author={Ning, Zhaolong and Song, Qingyang and Yu, Yao},
  journal={Comput Electr Eng},
  volume={39},
  number={6},
  pages={1625--1636},
  year={2013},
}

@article{zhang2010mac,
  title={MAC-layer proactive mixing for network coding in multi-hop wireless networks},
  author={Zhang, Jian and Chen, Yuanzhu Peter and Marsic, Ivan},
  journal={Computer Networks},
  volume={54},
  number={2},
  pages={196--207},
  year={2010},
}

@article{pahlevani2016network,
  title={Network Coding for Hop-by-Hop Communication Enhancement in Multi-hop Networks},
  author={Pahlevani, Peyman and Khamfroush, Hana and Lucani, Daniel E and Pedersen, Morten V and Fitzek, Frank HP},
  journal={Computer Networks},
  year={2016},
}

@article{guo2011analysis,
  title={Analysis of general network coding conditions and design of a free-ride-oriented routing metric},
  author={Guo, Bin and Li, Hongkun and Zhou, Chi and Cheng, Yu},
  journal={IEEE Trans. Veh. Technol.},
  volume={60},
  number={4},
  pages={1714--1727},
  year={2011},
}

@article{alvandi2015delay,
  title={Delay optimization and cross-layer design in multihop wireless networks with network coding and successive interference cancelation},
  author={Alvandi, Mohammadhossein and Mehmet-Ali, Mustafa and Hayes, Jeremiah F},
  journal={IEEE JSAC},
  volume={33},
  number={2},
  pages={295--308},
  year={2015},
}

@article{he2015building,
  title={Building blocks of physical-layer network coding},
  author={He, Jianghao and Liew, Soung-Chang},
  journal={IEEE Trans. Wireless Commun.},
  volume={14},
  number={5},
  pages={2711--2728},
  year={2015},
}

@inproceedings{katti2006xors, 
  author = {Katti, Sachin and Rahul, Hariharan and Hu, Wenjun and Katabi, Dina and M{\'e}dard, Muriel and Crowcroft, Jon},
 title = {{XOR}s in the Air: Practical Wireless Network Coding},
 booktitle = {Proc. ACM SIGCOMM},
 series = {SIGCOMM'06},
 year = {2006},
 location = {Pisa, Italy},
 pages = {243--254},
 numpages = {12},
  publisher = {ACM},
 address = {New York, NY, USA},
}

@ARTICLE{wang2015approaching, 
author={F. Wang and L. Guo and S. Wang and Q. Song and A. Jamalipour}, 
journal={IEEE Trans. on Veh. Technol.}, 
title={Approaching Single-Hop Performance in Multi-Hop Networks: End-To-End Known-Interference Cancellation ({E2E-KIC})}, 
year={2015}, 
volume={PP}, 
number={99},}

@inproceedings{popovski2006bi,
  title={Bi-directional amplification of throughput in a wireless multi-hop network},
  author={Popovski, Petar and Yomo, Hiroyuki},
  booktitle={Proc. IEEE VTC},
  pages={588--593},
  year=2006,
}

@ARTICLE{5764930, 
author={G. Wang and W. Xiang and J. Yuan and T. Huang}, 
journal={IEEE Commun. Lett.}, 
title={Outage Analysis of Non-Regenerative Analog Network Coding for Two-Way Multi-Hop Networks}, 
year={2011}, 
volume={15}, 
number={6}, 
pages={662-664},
month={Jun.},}

@article{wang2014generalized,
  title={Generalized wireless network coding schemes for multihop two-way relay channels},
  author={Wang, Gengkun and Xiang, Wei and Yuan, Jinhong},
  journal={IEEE Trans. Wireless Commun.},
  volume={13},
  number={9},
  pages={5132--5147},
  year={2014},
}

@article{wang2015multihop,
  title={Multihop compute-and-forward for generalised two-way relay channels},
  author={Wang, Gengkun and Xiang, Wei and Yuan, Jinhong},
  journal={IEEE Trans. Emerging Telecommun. Technol.},
  volume={26},
  number={3},
  pages={448--460},
  year={2015},
}

@article{ng2007throughput,
  title={Throughput analysis of {IEEE802.11} multi-hop ad hoc networks},
  author={Ng, Ping Chung and Liew, Soung Chang},
  journal={IEEE/ACM Trans. Networking},
  volume={15},
  number={2},
  pages={309--322},
  year={2007},
}

@INPROCEEDINGS{5956615, 
author={M. Park and I. Choi and I. Lee}, 
booktitle={IEEE VTC Spring}, 
title={Exact BER Analysis of Physical Layer Network Coding for Two-Way Relay Channels}, 
pages={1-5},
year=2011}

@INPROCEEDINGS{258319, 
author={J. W. Craig}, 
booktitle={Proc. IEEE MILCOM}, 
title={A new, simple and exact result for calculating the probability of error for two-dimensional signal constellations}, 
pages={571-575},
year=1991}


@inproceedings{fullduplex,
 author = {Jain, Mayank and Choi, Jung Il and Kim, Taemin and Bharadia, Dinesh and Seth, Siddharth and Srinivasan, Kannan and Levis, Philip and Katti, Sachin and Sinha, Prasun},
 title = {Practical, Real-time, Full Duplex Wireless},
 booktitle = {Proc. ACM MOBICOM},
 series = {MobiCom '11},
 year = {2011},
 location = {Las Vegas, Nevada, USA},
 pages = {301--312},
 numpages = {12},
 publisher = {ACM},
 address = {New York, NY, USA},
 keywords = {full-duplex wireless},
} 


@article{ANCWang,
 author = {Wang, Xudong and Mao, Wenguang},
 title = {Analog Network Coding Without Restrictions on Superimposed Frames},
 journal = {IEEE/ACM Trans. Netw.},
 issue_date = {April 2016},
 volume = {24},
 number = {2},
 month = apr,
 year = {2016},
 issn = {1063-6692},
 pages = {788--805},
 numpages = {18},
 url = {http://dl.acm.org.ezproxy.library.uvic.ca/citation.cfm?id=3001647.3001658},
 acmid = {3001658},
 publisher = {IEEE Press},
 address = {Piscataway, NJ, USA},
 keywords = {analog network coding, channel estimation, flow compensation, frame-level synchronization, multi-way relaying},
} 


@techreport{LTE-SEC,
     title = {{ Timing and synchronization for LTE-TDD and LTE-advanced mobile networks}},
     author = { Symmetricom },
     group = {White Paper},
     year = {2013 },
     institution = {https://www.aventasinc.com/whitepapers/WP-Timing-Sync-LTE-SEC.pdf },
}





@INPROCEEDINGS{7023058, 
author={S. Tedik and G. K. Kurt}, 
booktitle={Proc. IEEE VTC Spring}, 
title={Practical Full Duplex Physical Layer Network Coding}, 
year={2014}, 
pages={1-4},
month={May},
}

@ARTICLE{7410116, 
author={Z. Zhang and Z. Ma and Z. Ding and M. Xiao and G. K. Karagiannidis}, 
journal={IEEE Trans. on Wireless Commun.}, 
title={Full-Duplex Two-Way and One-Way Relaying: Average Rate, Outage Probability, and Tradeoffs}, 
year={2016}, 
volume={15}, 
number={6}, 
pages={3920-3933},
month={Jun.},}

@ARTICLE{7506131, 
author={Y. Shim and W. Choi and H. Park}, 
journal={IEEE Trans. on Wireless Commun.}, 
title={Beamforming Design for Full-Duplex Two-Way Amplify-and-Forward {MIMO} Relay}, 
year={2016}, 
volume={15}, 
number={10}, 
pages={6705-6715},
month={Oct.},}

@ARTICLE{6971223, 
author={G. Zheng}, 
journal={IEEE Trans. on Signal Processing}, 
title={Joint Beamforming Optimization and Power Control for Full-Duplex {MIMO} Two-Way Relay Channel}, 
year={2015}, 
volume={63}, 
number={3}, 
pages={555-566},
month={Feb.},}

@inproceedings{aryafar2012midu,
  title={{MIDU}: Enabling {MIMO} full duplex},
  author={Aryafar, Ehsan and Khojastepour, Mohammad Amir and Sundaresan, Karthikeyan and Rangarajan, Sampath and Chiang, Mung},
  booktitle={Proc. ACM MOBICOM},
  pages={257--268},
  year={2012},
  organization={ACM}
}


@inproceedings{hosseinabadi2013concurrent,
  title={Concurrent-{MAC}: Increasing concurrent transmissions in multi-{AP} wireless {LANs}},
  author={Hosseinabadi, Ghazale and Vaidya, Nitin},
  booktitle={Proc. ACM MOBICOM},
  pages={227--230},
  year={2013},
  organization={ACM}
}


@inproceedings{liu2014enabling,
  title={Enabling instantaneous feedback with full-duplex backscatter},
  author={Liu, Vincent and Talla, Vamsi and Gollakota, Shyamnath},
  booktitle={Proc. ACM MOBICOM},
  pages={67--78},
  year={2014},
  organization={ACM}
}

@inproceedings{sundaresan2014full,
  title={Full-duplex without strings: Enabling full-duplex with half-duplex clients},
  author={Sundaresan, Karthikeyan and Khojastepour, Mohammad and Chai, Eugene and Rangarajan, Sampath},
  booktitle={Proc. ACM MOBICOM},
  pages={55--66},
  year={2014},
  organization={ACM}
}

@inproceedings{zhou2016basic,
  title={{BASIC}: backbone-assisted successive interference cancellation},
  author={Zhou, Wenjie and Das, Tanmoy and Chen, Lu and Srinivasan, Kannan and Sinha, Prasun},
  booktitle={Proc. ACM MOBICOM},
  pages={149--161},
  year={2016},
  organization={ACM}
}


@inproceedings{sourcesync,
 author = {Rahul, Hariharan and Hassanieh, Haitham and Katabi, Dina},
 title = {SourceSync: A Distributed Wireless Architecture for Exploiting Sender Diversity},
 booktitle = {Proc. ACM SIGCOMM},
 series = {SIGCOMM '10},
 year = {2010},
 isbn = {978-1-4503-0201-2},
 location = {New Delhi, India},
 pages = {171--182},
 numpages = {12},
 url = {http://doi.acm.org/10.1145/1851182.1851204},
 doi = {10.1145/1851182.1851204},
 acmid = {1851204},
 publisher = {ACM},
 address = {New York, NY, USA},
 keywords = {cooperative diversity, sender diversity, symbol-level synchronization, wireless},
} 


@inproceedings{fung2010preamble,
title={Preamble design for carrier frequency offset estimation in two-way relays},
author={Fung, Patrick Ho Wang and Sun, Sumei and Ho, Chin Keong},
booktitle={Signal Processing Advances in Wireless Communications (SPAWC), 2010 IEEE Eleventh International Workshop on},
pages={1--5},
year={2010},
organization={IEEE}
}

@book{gollakota2008zigzag,
 author = {Gollakota, Shyamnath and Katabi, Dina},
 title = {Zigzag Decoding: Combating Hidden Terminals in Wireless Networks},
 booktitle = {Proc. ACM SIGCOMM},
 series = {SIGCOMM '08},
 year = {2008},
 location = {Seattle, WA, USA},
 pages = {159--170},
 numpages = {12},
 publisher = {ACM},
} 


@ARTICLE{cover, 
author={T. Cover}, 
journal={IEEE Trans. on Info. Theory}, 
title={Broadcast channels}, 
year={1972}, 
volume={18}, 
number={1}, 
pages={2-14}, 
keywords={Broadcast channels;Information rates}, 
doi={10.1109/TIT.1972.1054727}, 
ISSN={0018-9448}, 
month={Jan},}

@ARTICLE{1210740, 
author={S. Toumpis and A. J. Goldsmith}, 
journal={IEEE Trans. on Wireless Commun.}, 
title={Capacity regions for wireless ad hoc networks}, 
year={2003}, 
volume={2}, 
number={4}, 
pages={736-748}, 
doi={10.1109/TWC.2003.814342}, 
ISSN={1536-1276}, 
month={July},}



@inproceedings{mzig,
 author = {Kong, Linghe and Liu, Xue},
 title = {mZig: Enabling Multi-Packet Reception in ZigBee},
 booktitle = {Proc. ACM MOBICOM},
 series = {MobiCom '15},
 year = {2015},
 isbn = {978-1-4503-3619-2},
 location = {Paris, France},
 pages = {552--565},
 numpages = {14},
 url = {http://doi.acm.org/10.1145/2789168.2790104},
 doi = {10.1145/2789168.2790104},
 acmid = {2790104},
 publisher = {ACM},
 address = {New York, NY, USA},
 keywords = {collision, convergecast, multi-packet reception, zigbee},
} 




@ARTICLE{1421925, 
author={J. G. Andrews}, 
journal={IEEE Trans. Wireless Commun.}, 
title={Interference cancellation for cellular systems: a contemporary overview}, 
year={2005}, 
volume={12}, 
number={2}, 
pages={19-29}, 
keywords={cellular radio;channel estimation;computational complexity;error correction codes;interference suppression;multimedia communication;multipath channels;multiuser channels;power control;radio links;radio receivers;radiofrequency interference;telecommunication control;cellular system;channel estimation;computational complexity;error correcting code;interference cancellation;multimedia communication;multipath channel;multiuser receiver;power control;Base stations;Decoding;Downlink;Interference cancellation;Land mobile radio cellular systems;Modulation coding;Multiaccess communication;Signal processing;Signal processing algorithms;Wireless communication}, 
doi={10.1109/MWC.2005.1421925}, 
ISSN={1536-1284}, 
month={April},}

@inproceedings{Halperin2008,
 author = {Halperin, Daniel and Anderson, Thomas and Wetherall, David},
 title = {Taking the Sting out of Carrier Sense: Interference Cancellation for Wireless LANs},
 booktitle = {Proc. ACM MOBICOM},
 series = {MobiCom '08},
 year = {2008},
 isbn = {978-1-60558-096-8},
 location = {San Francisco, California, USA},
 pages = {339--350},
 numpages = {12},
 url = {http://doi.acm.org/10.1145/1409944.1409983},
 doi = {10.1145/1409944.1409983},
 acmid = {1409983},
 publisher = {ACM},
 address = {New York, NY, USA},
 keywords = {carrier sense, interference cancellation, software radio, spatial reuse, wireless networks},
} 


@inproceedings{Sen2010,
 author = {Sen, Souvik and Santhapuri, Naveen and Choudhury, Romit Roy and Nelakuditi, Srihari},
 title = {Successive Interference Cancellation: A Back-of-the-envelope Perspective},
 booktitle = {Proc. ACM SIGCOMM Workshop on Hot Topics in Networks},
 series = {Hotnets-IX},
 year = {2010},
 isbn = {978-1-4503-0409-2},
 location = {Monterey, California},
 pages = {17:1--17:6},
 articleno = {17},
 numpages = {6},
 url = {http://doi.acm.org/10.1145/1868447.1868464},
 doi = {10.1145/1868447.1868464},
 acmid = {1868464},
 publisher = {ACM},
 address = {New York, NY, USA},
} 


@ARTICLE{4567443, 
author={V. R. Cadambe and S. A. Jafar}, 
journal={IEEE Trans. on Info. Theory}, 
title={Interference Alignment and Degrees of Freedom of the  K -User Interference Channel}, 
year={2008}, 
volume={54}, 
number={8}, 
pages={3425-3441}, 
keywords={cochannel interference;time-varying channels;wireless channels;channel coefficients;degrees of freedom;interference alignment;signal to noise ratio;time-varying channel;user interference channel;wireless interference channel;Additive white noise;Communication system control;Decoding;Engineering profession;Gaussian noise;Interference channels;MIMO;Optical arrays;Pervasive computing;Wireless networks;Capacity;degrees of freedom;interference alignment;interference channel;multiple-inputÐmultiple-output (MIMO);multiplexing}, 
doi={10.1109/TIT.2008.926344}, 
ISSN={0018-9448}, 
month={Aug},}




@INPROCEEDINGS{7218598, 
author={B. Chen and V. Yenamandra and K. Srinivasan}, 
booktitle={Proc. IEEE INFOCOM}, 
title={Interference alignment using shadow channel}, 
year={2015}, 
pages={2128-2136}, 
keywords={antennas;radio networks;radiofrequency interference;telecommunication network topology;NI PXIe 1082;data processing techniques;interference alignment technique;interference alignment techniques;interference cancellation;radio architecture;shadow channel;single antenna nodes;single-antenna systems;static channel;time variance;time varying channel;topologies;Antennas;Interference;Radio transmitters;Receivers;Throughput;Uplink}, 
doi={10.1109/INFOCOM.2015.7218598}, 
ISSN={0743-166X}, 
month={April},}

@inproceedings{Lin2011,
 author = {Lin, Kate Ching-Ju and Gollakota, Shyamnath and Katabi, Dina},
 title = {Random Access Heterogeneous {MIMO} Networks},
 booktitle = {Proc. ACM SIGCOMM},
 series = {SIGCOMM '11},
 year = {2011},
 isbn = {978-1-4503-0797-0},
 location = {Toronto, Ontario, Canada},
 pages = {146--157},
 numpages = {12},
 url = {http://doi.acm.org/10.1145/2018436.2018454},
 doi = {10.1145/2018436.2018454},
 acmid = {2018454},
 publisher = {ACM},
 address = {New York, NY, USA},
 keywords = {interference alignment, interference nulling, mimo},
} 



@inproceedings{Bharadia2013,
 author = {Bharadia, Dinesh and McMilin, Emily and Katti, Sachin},
 title = {Full Duplex Radios},
 booktitle = {Proc. ACM SIGCOMM},
 series = {SIGCOMM '13},
 year = {2013},
 isbn = {978-1-4503-2056-6},
 location = {Hong Kong, China},
 pages = {375--386},
 numpages = {12},
 url = {http://doi.acm.org/10.1145/2486001.2486033},
 doi = {10.1145/2486001.2486033},
 acmid = {2486033},
 publisher = {ACM},
 address = {New York, NY, USA},
 keywords = {full duplex, interference cancellation, non-linear cancellation},
} 


@article{zheng2014performance,
  title={Performance analysis of group-synchronized DCF for dense {IEEE} 802.11 networks},
  author={Zheng, Lei and Ni, Minming and Cai, Lin and Pan, Jianping and Ghosh, Chittabrata and Doppler, Klaus},
  journal={IEEE Transactions on Wireless Communications},
  volume={13},
  number={11},
  pages={6180--6192},
  year={2014},
  publisher={IEEE}
}

@inproceedings{wu2006wsn02,
  title={WSN02-1: Analysis of {IEEE} 802.11 DCF with hidden terminals},
  author={Wu, Haitao and Zhu, Fan and Zhang, Qian and Niu, Zhisheng},
  booktitle={IEEE Global Telecommunications Conference, GLOBECOM'06.},
  pages={1--5},
  year={2006},
}

@article{moltchanov2012distance,
  title={Distance distributions in random networks},
  author={Moltchanov, Dmitri},
  journal={Ad Hoc Networks},
  volume={10},
  number={6},
  pages={1146--1166},
  year={2012},
  publisher={Elsevier}
}

@article{sun2013ieee,
  title={{IEEE} 802.11 ah: A long range 802.11 {WLAN} at sub 1 GHz},
  author={Sun, Weiping and Choi, Munhwan and Choi, Sunghyun},
  journal={Journal of ICT Standardization},
  volume={1},
  number={1},
  pages={83--108},
  year={2013}
}

@inproceedings{hazmi2012feasibility,
  title={Feasibility study of {IEEE} 802.11 ah radio technology for {IoT} and {M2M} use cases},
  author={Hazmi, Ali and Rinne, Jukka and Valkama, Mikko},
  booktitle={IEEE Globecom Workshops (GC Wkshps), 2012},
  pages={1687--1692},
  year={2012},
  organization={IEEE}
}

@article{khorov2015survey,
  title={A survey on {IEEE} 802.11 ah: An enabling networking technology for smart cities},
  author={Khorov, Evgeny and Lyakhov, Andrey and Krotov, Alexander and Guschin, Andrey},
  journal={Computer Communications},
  volume={58},
  pages={53--69},
  year={2015},
  publisher={Elsevier}
}

@inproceedings{raeesi2014performance,
  title={Performance evaluation of {IEEE} 802.11 ah and its restricted access window mechanism},
  author={Raeesi, Orod and Pirskanen, Juho and Hazmi, Ali and Levanen, Toni and Valkama, Mikko},
  booktitle={IEEE International Conference on Communications Workshops, ICC'14},
  pages={460--466},
  year={2014},
}

@article{yoonregrouping,
  title={Regrouping algorithm to alleviate the hidden node problem in 802.11 ah networks},
  author={Yoon, Sung-Guk and Seo, Jeong-O and Bahk, Saewoong},
  journal={Computer Networks},
  volume={105},
  pages={22--32},
  year={2016},
  publisher={Elsevier}
}



@inproceedings{ji2015throughput,
  title={Throughput enhancement schemes for {IEEE} 802.11 ah based on multi-layer cooperation},
  author={Ji, Baofeng and Chen, Sudan and Song, Kang and Li, Chunguo and Chen, Hongjun and Li, Zhiqun},
  booktitle={International Wireless Communications and Mobile Computing Conference, IWCMC'15},
  pages={1112--1116},
  year={2015},
}

@inproceedings{kim2015optimal,
  title={Optimal throughput analysis of a super dense wireless network with the Renewal Access Protocol},
  author={Kim, Yunbae and Hwang, Ganguk and Um, Jungsun and Yoo, Sungjin and Jung, Hoiyoon and Park, Seungkeun},
  booktitle={IEEE International Conference on Communication Workshop, ICCW'15},
  pages={2194--2199},
  year={2015},
}

@inproceedings{zhong2014dcf,
  title={{BE-DCF}: Barring-Enhanced Distributed Coordination Function for Machine Type Communications in {IEEE} 802.11 networks},
  author={Zhong, Lei and Shoji, Yozo and Nakauchi, Kiyohide and Eum, Suyong},
  booktitle={IEEE International Conference on Communications Workshops, ICC'14},
  pages={467--471},
  year={2014},
}

@article{Draft80211ah,
author = "{{IEEE} 802.11ah Task Group}",
title = "11/1137r14 Specification framework for {TGah}",
url = "http://www.ieee802.org/11/Reports/tgah\_update.htm",}

@ARTICLE{Req80211ah,
author = "{{IEEE} 802.11ah Task Group}",
title = "{TGah} Functional requirements and evaluation methodology Rev.5",
url = "http://www.ieee802.org/11/Reports/tgah\_update.htm" }

@article{bianchi2000performance,
  title={Performance analysis of the {IEEE} 802.11 distributed coordination function},
  author={Bianchi, Giuseppe},
  journal={IEEE Journal on Selected Areas in Communications},
  volume={18},
  number={3},
  pages={535--547},
  year={2000},
  publisher={IEEE}
}

@article{breslau2000advances,
  title={Advances in network simulation},
  author={Breslau, Lee and Estrin, Deborah and Yu, Haobo and Fall, Kevin and Floyd, Sally and Heidemann, John and Helmy, Ahmed and Huang, Polly and McCanne, Steven and Varadhan, Kannan and others},
  journal={IEEE Computer},
  number={5},
  pages={59--67},
  year={2000},
  publisher={IEEE}
}

@standard{wlan2011, 
title={Wireless {LAN} medium access control ({MAC}) and physical layer ({PHY}) specifications amendment 8: {IEEE} 802.11 wireless network management}, 
organization={IEEE},
type={Std. 802.11v-2011},
year={2011}, 
month=sep, 
pages={1--433}, }

@article{tsertou2008revisiting,
  title={Revisiting the hidden terminal problem in a {CSMA/CA }wireless network},
  author={Tsertou, Athanasia and Laurenson, David I},
  journal={IEEE Transactions on Mobile Computing},
  volume={7},
  number={7},
  pages={817--831},
  year={2008},
  publisher={IEEE}
}

@inproceedings{khurana1999performance,
  title={Performance evaluation of distributed co-ordination function for {IEEE} 802.11 wireless {LAN} protocol in presence of mobile and hidden terminals},
  author={Khurana, Sumit and Kahol, Anurag and Gupta, Sandeep KS and Srimani, Pradip K},
  booktitle={Proceedings of 7th International Symposium on Modeling, Analysis and Simulation of Computer and Telecommunication Systems, MASCOT'99},
  pages={40--47},
  year={1999}
}

@article{tseng2014effective,
  title={An effective grouping scheme for avoiding hidden node problem in {IEEE} 802.15. 4-based wireless sensor networks},
  author={Tseng, Hsueh-Wen and Fan, Yao-Chung and Sheu, Shiann-Tsong and Ou, Shaiu-Yi},
  journal={ACM SIGAPP Applied Computing Review},
  volume={14},
  number={1},
  pages={30--40},
  year={2014},
  publisher={ACM}
}

@article{abichar2013group,
  title={Group-based medium access control for {IEEE} 802.11n wireless {LAN}s},
  author={Abichar, Zakhia and Chang, J Morris},
  journal={IEEE Transactions on Mobile Computing},
  volume={12},
  number={2},
  pages={304--317},
  year={2013},
  publisher={IEEE}
}
































































































